@Article{JCCC,
   AUTHOR  = {Arturo A. Hoffstadt and Cristi\'an D. Maureira and Sergio A. Morales and Gabriel A. Zamora and Ignacio J. Villacura and Horst H. von Brand},
   TITLE   = {Construcci\'on de un sistema operativo auto-arrancable para rescate de sistemas da\~nados},
   YEAR    = {2008},
   JOURNAL = {XX Encuentro Chileno de Computaci\'on, Jornadas Chilenas de Computaci\'on}
   }
